<record><leader>00000cas a22000007a 4500</leader><controlfield tag="001">12617852</controlfield><controlfield tag="008">850930d19141923paudn ne      0   a0eng d</controlfield><datafield ind1=" " ind2=" " tag="010"><subfield code="a">sn 85055195 </subfield></datafield><datafield ind1=" " ind2=" " tag="040"><subfield code="a">NPH</subfield><subfield code="b">eng</subfield><subfield code="c">NPH</subfield><subfield code="d">OCLCQ</subfield><subfield code="d">DLC</subfield></datafield><datafield ind1="0" ind2=" " tag="022"><subfield code="a">2469-3413</subfield><subfield code="2">1</subfield></datafield><datafield ind1=" " ind2=" " tag="042"><subfield code="a">msc</subfield><subfield code="a">nsdp</subfield></datafield><datafield ind1="1" ind2="0" tag="050"><subfield code="a">ISSN RECORD</subfield></datafield><datafield ind1=" " ind2="0" tag="222"><subfield code="a">Reading news-times</subfield></datafield><datafield ind1="0" ind2="0" tag="245"><subfield code="a">Reading news-times.</subfield></datafield><datafield ind1=" " ind2=" " tag="260"><subfield code="a">Reading, Pa. :</subfield><subfield code="b">Reading Print. Co.,</subfield><subfield code="c">1914-1923.</subfield></datafield><datafield ind1=" " ind2=" " tag="300"><subfield code="a">18 v.</subfield></datafield><datafield ind1=" " ind2=" " tag="310"><subfield code="a">Daily (except Sun.)</subfield></datafield><datafield ind1="0" ind2=" " tag="362"><subfield code="a">Vol. 112, no. 131 (Mar. 9, 1914)-v. 112, no. 137 (Mar. 16, 1914) ; v. 1, no. 8 (Mar. 17, 1914)-v. 18, no. 149 (Feb. 28, 1923).</subfield></datafield><datafield ind1=" " ind2=" " tag="515"><subfield code="a">Carries numbering for Reading news (v. 3, no. 74-no. 80).</subfield></datafield><datafield ind1=" " ind2=" " tag="752"><subfield code="a">United States</subfield><subfield code="b">Pennsylvania</subfield><subfield code="c">Berks</subfield><subfield code="d">Reading.</subfield></datafield><datafield ind1="0" ind2="4" tag="780"><subfield code="t">Reading news</subfield><subfield code="x">2469-3359</subfield><subfield code="w">(DLC)sn 89077693</subfield><subfield code="w">(OCoLC)18997518</subfield></datafield><datafield ind1="0" ind2="4" tag="780"><subfield code="t">Reading times (Reading, Pa. : 1881)</subfield><subfield code="x">2469-3286</subfield><subfield code="w">(DLC)sn 86081672</subfield><subfield code="w">(OCoLC)12574692</subfield></datafield><datafield ind1="0" ind2="0" tag="785"><subfield code="t">Reading times (Reading, Pa. : 1923)</subfield><subfield code="x">2469-3421</subfield><subfield code="w">(DLC)sn 85055096</subfield><subfield code="w">(OCoLC)12574969</subfield></datafield></record>